%% This BibTeX bibliography file was created using BibDesk.
%% http://bibdesk.sourceforge.net/


%% Created for Harris Lazaris at 2014-05-02 16:28:55 -0400 


%% Saved with string encoding Unicode (UTF-8) 



@article{Hu:2013be,
	Author = {Hu, Ming and Deng, Ke and Qin, Zhaohui and Liu, Jun S},
	Journal = {Quantitative Biology},
	Month = jul,
	Number = {2},
	Pages = {156--174},
	Title = {{Understanding spatial organizations of chromosomes via statistical analysis of Hi-C data}},
	Volume = {1},
	Year = {2013}}

@article{Ay:2014bf,
	Author = {Ay, F and Bailey, T L and Noble, W S},
	Journal = {Genome Research},
	Month = feb,
	Title = {{Statistical confidence estimation for Hi-C data reveals regulatory chromatin contacts}},
	Year = {2014}}

@article{Hon:2009ja,
	Author = {Hon, G C and Hawkins, R D and Ren, B},
	Journal = {Human Molecular Genetics},
	Month = oct,
	Number = {R2},
	Pages = {R195--R201},
	Title = {{Predictive chromatin signatures in the mammalian genome}},
	Volume = {18},
	Year = {2009}}

@article{EckersleyMaslin:2014hq,
	Author = {Eckersley-Maslin, Melanie A and Thybert, David and Bergmann, Jan H and Marioni, John C and Flicek, Paul and Spector, David L},
	Journal = {Developmental Cell},
	Number = {4},
	Pages = {351--365},
	Title = {{Random Monoallelic Gene Expression Increases upon Embryonic Stem Cell Differentiation}},
	Volume = {28},
	Year = {2014}}

@article{deWit:2012eo,
	Author = {de Wit, E and de Laat, W},
	Journal = {Genes {\&} Development},
	Month = jan,
	Number = {1},
	Pages = {11--24},
	Title = {{A decade of 3C technologies: insights into nuclear organization}},
	Volume = {26},
	Year = {2012}}

@article{Hubner:2010jv,
	Author = {H{\"u}bner, Michael R and Spector, David L},
	Journal = {Annual Review of Biophysics},
	Month = apr,
	Number = {1},
	Pages = {471--489},
	Title = {{Chromatin dynamics. [Annu Rev Biophys. 2010] - PubMed - NCBI}},
	Volume = {39},
	Year = {2010}}

@article{Misteli:2012ea,
	Author = {Misteli, Tom},
	Journal = {Nature Reviews Genetics},
	Month = jan,
	Number = {1},
	Pages = {55--56},
	Title = {{Parallel genome universes}},
	Volume = {30},
	Year = {2012}}

@article{Apostolou:2008em,
	Author = {Apostolou, Effie and Thanos, Dimitris},
	Journal = {Molecular Cell},
	Month = feb,
	Number = {2},
	Pages = {154--156},
	Title = {{Linking Differential Chromatin Loops to Transcriptional Decisions}},
	Volume = {29},
	Year = {2008}}

@article{Jin:2013hm,
	Author = {Jin, Fulai and Li, Yan and Dixon, Jesse R and Selvaraj, Siddarth and Ye, Zhen and Lee, Ah Young and Yen, Chia-An and Schmitt, Anthony D and Espinoza, Celso A and Ren, Bing},
	Journal = {Nature},
	Month = nov,
	Number = {7475},
	Pages = {290--294},
	Title = {{A high-resolution map of the three-dimensional chromatin interactome in human cells}},
	Volume = {503},
	Year = {2013}}

@article{Peng:2013gu,
	Author = {Peng, C and Fu, L Y and Dong, P F and Deng, Z L and Li, J X and Wang, X T and Zhang, H Y},
	Journal = {Nucleic Acids Research},
	Month = oct,
	Number = {19},
	Pages = {e183--e183},
	Title = {{The sequencing bias relaxed characteristics of Hi-C derived data and implications for chromatin 3D modeling}},
	Volume = {41},
	Year = {2013}}

@article{Anonymous:2010ek,
	Journal = {Proceedings of the National Academy of Sciences},
	Month = dec,
	Number = {50},
	Pages = {21931--21936},
	Title = {{Histone H3K27ac separates active from poised enhancers and predicts developmental state.}},
	Volume = {107},
	Year = {2010}}

@article{Zhao:2009bq,
	Author = {Zhao, Rui and Bodnar, Megan S and Spector, David L},
	Journal = {Current Opinion in Genetics {\&} Development},
	Month = apr,
	Number = {2},
	Pages = {172--179},
	Title = {{Nuclear neighborhoods and gene expression. [Curr Opin Genet Dev. 2009] - PubMed - NCBI}},
	Volume = {19},
	Year = {2009}}

@article{Hu:2012es,
	Author = {Hu, Ming and Deng, Ke and Selvaraj, Siddarth and Qin, Zhaohui and Ren, Bing and Liu, Jun S},
	Journal = {Bioinformatics},
	Number = {23},
	Pages = {3131--3133},
	Title = {{HiCNorm: removing biases in Hi-C data via Poisson regression}},
	Volume = {28},
	Year = {2012}}

@article{Hu:2013cq,
	Author = {Hu, Ming and Deng, Ke and Qin, Zhaohui and Dixon, Jesse and Selvaraj, Siddarth and Fang, Jennifer and Ren, Bing and Liu, Jun S},
	Journal = {Plos Computational Biology},
	Month = jan,
	Number = {1},
	Title = {{Bayesian Inference of Spatial Organizations of Chromosomes}},
	Volume = {9},
	Year = {2013}}

@article{Lu:2013ea,
	Author = {Lu, Y and Zhou, Y and Tian, W},
	Journal = {Nucleic Acids Research},
	Month = dec,
	Number = {22},
	Pages = {10391--10402},
	Title = {{Combining Hi-C data with phylogenetic correlation to predict the target genes of distal regulatory elements in human genome}},
	Volume = {41},
	Year = {2013}}

@article{Polo:2010fm,
	Author = {Polo, Jose M and Liu, Susanna and Figueroa, Maria Eugenia and Kulalert, Warakorn and Eminli, Sarah and Tan, Kah Yong and Apostolou, Effie and Stadtfeld, Matthias and Li, Yushan and Shioda, Toshi and Natesan, Sridaran and Wagers, Amy J and Melnick, Ari and Evans, Todd and Hochedlinger, Konrad},
	Journal = {Nature Reviews Genetics},
	Month = aug,
	Number = {8},
	Pages = {848--855},
	Title = {{Cell type of origin influences the molecular and functional properties of mouse induced pluripotent stem cells}},
	Volume = {28},
	Year = {2010}}

@article{Dixon:2012fb,
	Author = {Dixon, Jesse R and Selvaraj, Siddarth and Yue, Feng and Kim, Audrey and Li, Yan and Shen, Yin and Hu, Ming and Liu, Jun S and Ren, Bing},
	Journal = {Nature},
	Month = may,
	Number = {7398},
	Pages = {376--380},
	Title = {{Topological domains in mammalian genomes identified by analysis of chromatin interactions}},
	Volume = {485},
	Year = {2012}}

@article{Belton:2012eva,
	Author = {Belton, Jon-Matthew and McCord, Rachel Patton and Gibcus, Johan Harmen and Naumova, Natalia and Zhan, Ye and Dekker, Job},
	Journal = {Methods},
	Month = nov,
	Number = {3},
	Pages = {268--276},
	Title = {{Hi-C: a comprehensive technique to capture the conformation of genomes.}},
	Volume = {58},
	Year = {2012}}

@article{Shavit:2013cg,
	Author = {Shavit, Y and Lio, P},
	Journal = {Bioinformatics},
	Month = apr,
	Number = {9},
	Pages = {1206--1207},
	Title = {{CytoHiC: a cytoscape plugin for visual comparison of Hi-C networks}},
	Volume = {29},
	Year = {2013}}

@article{Ptashne:2014js,
	Author = {Ptashne, M},
	Journal = {Journal of Biological Chemistry},
	Month = feb,
	Number = {9},
	Pages = {5417--5435},
	Title = {{The Chemistry of Regulation of Genes and Other Things}},
	Volume = {289},
	Year = {2014}}

@article{Nagano:2013gja,
	Author = {Nagano, Takashi and Lubling, Yaniv and Stevens, Tim J and Schoenfelder, Stefan and Yaffe, Eitan and Dean, Wendy and Laue, Ernest D and Tanay, Amos and Fraser, Peter},
	Journal = {Nature},
	Number = {7469},
	Pages = {59--64},
	Title = {{Single-cell Hi-C reveals cell-to-cell variability in chromosome structure}},
	Volume = {502},
	Year = {2013}}

@article{Schoenfelder:2010ij,
	Author = {Schoenfelder, Stefan and Sexton, Tom and Chakalova, Lyubomira and Cope, Nathan F and Horton, Alice and Andrews, Simon and Kurukuti, Sreenivasulu and Mitchell, Jennifer A and Umlauf, David and Dimitrova, Daniela S and Eskiw, Christopher H and Luo, Yanquan and Wei, Chia-Lin and Ruan, Yijun and Bieker, James J and Fraser, Peter},
	Journal = {Nature Genetics},
	Month = jan,
	Number = {1},
	Pages = {53--61},
	Title = {{Preferential associations between co-regulated genes reveal a transcriptional interactome in erythroid cells}},
	Volume = {42},
	Year = {2010}}

@article{Cremer:2010hf,
	Author = {Cremer, Thomas and Cremer, Marion},
	Journal = {Cold Spring Harbor Perspectives in Biology},
	Month = mar,
	Number = {3},
	Pages = {a003889--a003889},
	Title = {{Chromosome Territories}},
	Volume = {2},
	Year = {2010}}

@article{Soutoglou:2007gl,
	Author = {Soutoglou, Evi and Dorn, Jonas F and Sengupta, Kundan and Jasin, Maria and Nussenzweig, Andre and Ried, Thomas and Danuser, Gaudenz and Misteli, Tom},
	Journal = {Nature Cell Biology},
	Month = jun,
	Number = {6},
	Pages = {675--682},
	Title = {{Positional stability of single double-strand breaks in mammalian cells}},
	Volume = {9},
	Year = {2007}}

@article{Kumaran:2008jd,
	Author = {Kumaran, R Ileng and Spector, David L},
	Journal = {The Journal of Cell Biology},
	Month = jan,
	Number = {1},
	Pages = {51--65},
	Title = {{A genetic locus targeted to the nuclear periphery in living cells maintains its transcriptional competence.}},
	Volume = {180},
	Year = {2008}}

@article{Chen:2014dh,
	Author = {Chen, D and Fu, L Y and Zhang, Z and Li, G and Zhang, H and Jiang, L and Harrison, A P and Shanahan, H P and Klukas, C and Zhang, H Y and Ruan, Y and Chen, L L and Chen, M},
	Journal = {Nucleic Acids Research},
	Month = mar,
	Number = {5},
	Pages = {3028--3043},
	Title = {{Dissecting the chromatin interactome of microRNA genes}},
	Volume = {42},
	Year = {2014}}

@article{LiebermanAiden:2009jz,
	Author = {Lieberman-Aiden, Erez and van Berkum, Nynke L and Williams, Louise and Imakaev, Maxim and Ragoczy, Tobias and Telling, Agnes and Amit, Ido and Lajoie, Bryan R and Sabo, Peter J and Dorschner, Michael O and Sandstrom, Richard and Bernstein, Bradley and Bender, M A and Groudine, Mark and Gnirke, Andreas and Stamatoyannopoulos, John and Mirny, Leonid A and Lander, Eric S and Dekker, Job},
	Journal = {Science},
	Number = {5950},
	Pages = {289--293},
	Title = {{Comprehensive Mapping of Long-Range Interactions Reveals Folding Principles of the Human Genome}},
	Volume = {326},
	Year = {2009}}

@article{Yaffe:2011er,
	Author = {Yaffe, Eitan and Tanay, Amos},
	Journal = {Nature Genetics},
	Month = nov,
	Number = {11},
	Pages = {1059--1065},
	Title = {{Probabilistic modeling of Hi-C contact maps eliminates systematic biases to characterize global chromosomal architecture}},
	Volume = {43},
	Year = {2011}}

@article{Anonymous:CGLRp4Ic,
	Month = sep,
	Pages = {1--32},
	Title = {{The Solution Path of the Generalized Lasso}},
	Year = {2013}}

@article{Imakaev:2012io,
	Author = {Imakaev, Maxim and Fudenberg, Geoffrey and McCord, Rachel Patton and Naumova, Natalia and Goloborodko, Anton and Lajoie, Bryan R and Dekker, Job and Mirny, Leonid A},
	Date-Modified = {2014-05-02 20:28:52 +0000},
	Journal = {Nature Methods},
	Month = oct,
	Number = {10},
	Pages = {999--1003},
	Title = {{Iterative correction of Hi-C data reveals hallmarks of chromosome organization}},
	Volume = {9},
	Year = {2012}}

@article{Stadhouders:2013fc,
	Author = {Stadhouders, Ralph and Kolovos, Petros and Brouwer, Rutger and Zuin, Jessica and van den Heuvel, Anita and Kockx, Christel and Palstra, Robert-Jan and Wendt, Kerstin S and Grosveld, Frank and van Ijcken, Wilfred and Soler, Eric},
	Journal = {Nature Protocols},
	Month = feb,
	Number = {3},
	Pages = {509--524},
	Title = {{Multiplexed chromosome conformation capturesequencing for rapid genome-scale high-resolutiondetection of long-range chromatin interactions}},
	Volume = {8},
	Year = {2013}}

@article{Anonymous:pEqKkeMM,
	Month = aug,
	Pages = {1--14},
	Title = {{Introduction to the genlasso package}},
	Year = {2012}}

@article{Korbel:2013cn,
	Author = {Korbel, Jan O and Lee, Charles},
	Journal = {Nature Reviews Genetics},
	Month = dec,
	Number = {12},
	Pages = {1099--1101},
	Title = {{Genome assembly and haplotyping with Hi-C}},
	Volume = {31},
	Year = {2013}}

@article{Ptashne:2013bj,
	Author = {Ptashne, Mark},
	Journal = {The FASEB Journal},
	Month = jan,
	Number = {1},
	Pages = {1--2},
	Title = {{Faddish stuff: epigenetics and the inheritance of acquired characteristics.}},
	Volume = {27},
	Year = {2013}}

@article{Dekker:2002ib,
	Author = {Dekker, Job and Rippe, Karsten and Dekker, Martijn and Kleckner, Nancy},
	Journal = {Science},
	Month = feb,
	Number = {5558},
	Pages = {1306--1311},
	Title = {{Capturing Chromosome Conformation}},
	Volume = {295},
	Year = {2002}}

@article{Zhang:2013cy,
	Author = {Zhang, ZhiZhuo and Li, Guoliang and Toh, Kim-Chuan and Sung, Wing-Kin},
	Journal = {Journal of Computational Biology},
	Month = nov,
	Number = {11},
	Pages = {831--846},
	Title = {{3D Chromosome Modeling with Semi-Definite Programming and Hi-C Data}},
	Volume = {20},
	Year = {2013}}

@article{Dekker:2013hib,
	Author = {Dekker, Job and Marti-Renom, Marc A and Mirny, Leonid A},
	Journal = {Nature Reviews Genetics},
	Month = jun,
	Number = {6},
	Pages = {390--403},
	Title = {{Exploring the three-dimensional organization of genomes: interpreting chromatin interaction data.}},
	Volume = {14},
	Year = {2013}}

@article{Li:2014fo,
	Author = {Li, Chao and Dong, Xiao and Fan, Haiwei and Wang, Chuan and Ding, Guohui and Li, Yixue},
	Journal = {Bioinformatics},
	Month = feb,
	Number = {2014},
	Pages = {812--81},
	Title = {{The 3DGD: a database of genome 3D structure}},
	Volume = {0},
	Year = {2014}}

@manual{R:stats,
	Address = {Vienna, Austria},
	Author = {{R Core Team}},
	Organization = {R Foundation for Statistical Computing},
	Title = {R: A Language and Environment for Statistical Computing},
	Url = {http://www.R-project.org/},
	Year = {2014},
	Bdsk-Url-1 = {http://www.R-project.org/}}
